@InProceedings{jaggi12,
  title = 	 {Block-coordinate Frank-Wolfe optimization for structural SVMs},
  year = 	 {2012},
  booktitle = {Proceedings of the 30 th International Conference on Machine
   Learning}, 
  author={Lacoste-Julien, Simon and Jaggi, Martin and Schmidt, Mark and Pletscher, Patrick},
  volume = 28,
}

@inproceedings{shalev2008svm,
  title={SVM optimization: inverse dependence on training set size},
  author={Shalev-Shwartz, Shai and Srebro, Nathan},
  booktitle={Proceedings of the 25th international conference on Machine learning},
  pages={928--935},
  year={2008},
  organization={ACM}
}

@book{Matousek10,
  title={ Lecture notes on metric embeddings},
  author={ Matoušek, Jir},
  year={2010},
}

@book{Andoni09,
  title={ Nearest Neighbor Search: the Old, the New, and the Impossible},
  author={ Andoni, Alexandr },
  year={2009},
  publisher={PhD Thesis}
}
@misc{Geometry13,
  Author = {Andoni, Alexandr },
  Institution = {Simons Institute for the Theory of Computing},
  Year = {2013},
  Title = {Algorithmic High-Dimensional Geometry Lecture, Simons Institute for the Theory of Computing}
}

@inproceedings{indyk98,
  title={Approximate nearest neighbors: towards removing the curse of dimensionality},
  author={Indyk, Piotr and Motwani, Rajeev},
  booktitle={Proceedings of the thirtieth annual ACM symposium on Theory of computing},
  pages={604--613},
  year={1998},
  organization={ACM}
}

@inproceedings{har2001,
  title={A replacement for Voronoi diagrams of near linear size},
  author={Har-Peled, Sariel},
  booktitle={2013 IEEE 54th Annual Symposium on Foundations of Computer Science},
  pages={94--94},
  year={2001},
  organization={IEEE Computer Society}
}
@article{Donnell14,
  title={Optimal lower bounds for locality-sensitive hashing (except when q is tiny)},
  author={O’Donnell, Ryan and Wu, Yi and Zhou, Yuan},
  journal={ACM Transactions on Computation Theory (TOCT)},
  volume={6},
  number={1},
  pages={5},
  year={2014},
  publisher={ACM}
}
@inproceedings{andoni14,
  title={Beyond locality-sensitive hashing},
  author={Andoni, Alexandr and Indyk, Piotr and Nguyen, Huy L and Razenshteyn, Ilya},
  booktitle={Proceedings of the Twenty-Fifth Annual ACM-SIAM Symposium on Discrete Algorithms},
  pages={1018--1028},
  year={2014},
  organization={SIAM}
}
@inproceedings{datar04,
  title={Locality-sensitive hashing scheme based on p-stable distributions},
  author={Datar, Mayur and Immorlica, Nicole and Indyk, Piotr and Mirrokni, Vahab S},
  booktitle={Proceedings of the twentieth annual symposium on Computational geometry},
  pages={253--262},
  year={2004},
  organization={ACM}
}
@inproceedings{andoni06,
  title={Near-optimal hashing algorithms for approximate nearest neighbor in high dimensions},
  author={Andoni, Alexandr and Indyk, Piotr},
  booktitle={Foundations of Computer Science, 2006. FOCS'06. 47th Annual IEEE Symposium on},
  pages={459--468},
  year={2006},
  organization={IEEE}
}
@inproceedings{Charikar02,
 author = {Charikar, Moses S.},
 title = {Similarity Estimation Techniques from Rounding Algorithms},
 booktitle = {Proceedings of the Thiry-fourth Annual ACM Symposium on Theory of Computing},
 series = {STOC '02},
 year = {2002},
 isbn = {1-58113-495-9},
 location = {Montreal, Quebec, Canada},
 pages = {380--388},
 numpages = {9},
 url = {http://doi.acm.org/10.1145/509907.509965},
 doi = {10.1145/509907.509965},
 acmid = {509965},
 publisher = {ACM},
 address = {New York, NY, USA},
} 
@article{neyshabur14,
  title={On Symmetric and Asymmetric LSHs for Inner Product Search},
  author={Neyshabur, Behnam and Srebro, Nathan},
  journal={stat},
  volume={1050},
  pages={24},
  year={2014}
}
@inproceedings{ram12,
  title={Maximum inner-product search using cone trees},
  author={Ram, Parikshit and Gray, Alexander G},
  booktitle={Proceedings of the 18th ACM SIGKDD international conference on Knowledge discovery and data mining},
  pages={931--939},
  year={2012},
  organization={ACM}
}
@inproceedings{kulis09,
  title={Kernelized locality-sensitive hashing for scalable image search},
  author={Kulis, Brian and Grauman, Kristen},
  booktitle={Computer Vision, 2009 IEEE 12th International Conference on},
  pages={2130--2137},
  year={2009},
  organization={IEEE}
}
@inproceedings{rahimi07,
  title={Random features for large-scale kernel machines},
  author={Rahimi, Ali and Recht, Benjamin},
  booktitle={Advances in neural information processing systems},
  pages={1177--1184},
  year={2007}
}
@inproceedings{jaggi15,
  title={Speeding up the Frank-Wolfe Algorithm using Maximum Inner Product Search},
     booktitle={ETH Retreat Proposal},
  year={2015}
}
@inproceedings{jaggi13,
  title={Revisiting Frank-Wolfe: Projection-free sparse convex optimization},
  author={Jaggi, Martin},
  booktitle={Proceedings of the 30th International Conference on Machine Learning (ICML-13)},
  pages={427--435},
  year={2013}
}
@article{shalev2013stochastic,
  title={Stochastic dual coordinate ascent methods for regularized loss},
  author={Shalev-Shwartz, Shai and Zhang, Tong},
  journal={The Journal of Machine Learning Research},
  volume={14},
  number={1},
  pages={567--599},
  year={2013},
  publisher={JMLR. org}
}
@article{nutini2015coordinate,
  title={Coordinate Descent Converges Faster with the Gauss-Southwell Rule Than Random Selection},
  author={Nutini, Julie and Schmidt, Mark and Laradji, Issam H and Friedlander, Michael and Koepke, Hoyt},
  year={2015}
}
@inproceedings{guyon2004gisette,
  title={Result analysis of the nips 2003 feature selection challenge},
  author={Guyon, Isabelle and Gunn, Steve and Ben-Hur, Asa and Dror, Gideon},
  booktitle={Advances in Neural Information Processing Systems},
  pages={545--552},
  year={2004}
}
@article{golub1999leukemia,
  title={Molecular classification of cancer: class discovery and class prediction by gene expression monitoring},
  author={Golub, Todd R and Slonim, Donna K and Tamayo, Pablo and Huard, Christine and Gaasenbeek, Michelle and Mesirov, Jill P and Coller, Hilary and Loh, Mignon L and Downing, James R and Caligiuri, Mark A and others},
  journal={science},
  volume={286},
  number={5439},
  pages={531--537},
  year={1999},
  publisher={American Association for the Advancement of Science}
}

@inproceedings{jain2010hashing,
  title={Hashing hyperplane queries to near points with applications to large-scale active learning},
  author={Jain, Prateek and Vijayanarasimhan, Sudheendra and Grauman, Kristen},
  booktitle={Advances in Neural Information Processing Systems},
  pages={928--936},
  year={2010}
}
@article{nesterov2012efficiency,
  title={Efficiency of coordinate descent methods on huge-scale optimization problems},
  author={Nesterov, Yu},
  journal={SIAM Journal on Optimization},
  volume={22},
  number={2},
  pages={341--362},
  year={2012},
  publisher={SIAM}
}
@article{qu2014coordinate,
  title={Coordinate descent with arbitrary sampling I: Algorithms and complexity},
  author={Qu, Zheng and Richt{\'a}rik, Peter},
  year={2014}
}
@article{zhao2014stochastic,
  title={Stochastic optimization with importance sampling},
  author={Zhao, Peilin and Zhang, Tong},
  year={2014}
}
@book{nesterov2004introductory,
  title={Introductory lectures on convex optimization},
  author={Nesterov, Yurii},
  volume={87},
  year={2004},
  publisher={Springer Science \& Business Media}
}

@incollection{bousquet2004introduction,
  title={Introduction to statistical learning theory},
  author={Bousquet, Olivier and Boucheron, St{\'e}phane and Lugosi, G{\'a}bor},
  booktitle={Advanced Lectures on Machine Learning},
  pages={169--207},
  year={2004},
  publisher={Springer}
}
@article{ravikumar2010high,
  title={High-dimensional Ising model selection using ℓ1-regularized logistic regression},
  author={Ravikumar, Pradeep and Wainwright, Martin J and Lafferty, John D and others},
  journal={The Annals of Statistics},
  volume={38},
  number={3},
  pages={1287--1319},
  year={2010},
  publisher={Institute of Mathematical Statistics}
}
@inproceedings{agarwal2010fast,
  title={Fast global convergence rates of gradient methods for high-dimensional statistical recovery},
  author={Agarwal, Alekh and Negahban, Sahand and Wainwright, Martin J},
  booktitle={Advances in Neural Information Processing Systems},
  pages={37--45},
  year={2010}
}
@inproceedings{bousquet2008tradeoffs,
  title={The tradeoffs of large scale learning},
  author={Bousquet, Olivier and Bottou, L{\'e}on},
  booktitle={Advances in neural information processing systems},
  pages={161--168},
  year={2008}
}
@article{defazio2014finito,
  title={Finito: A faster, permutable incremental gradient method for big data problems},
  author={Defazio, Aaron J and Caetano, Tib{\'e}rio S and Domke, Justin},
  journal={arXiv preprint arXiv:1407.2710},
  year={2014}
 }
  @article{edelman1988eigenvalues,
  title={Eigenvalues and condition numbers of random matrices},
  author={Edelman, Alan},
  journal={SIAM Journal on Matrix Analysis and Applications},
  volume={9},
  number={4},
  pages={543--560},
  year={1988},
  publisher={SIAM}
}

@inproceedings{sridharan2009fast,
  title={Fast rates for regularized objectives},
  author={Sridharan, Karthik and Shalev-Shwartz, Shai and Srebro, Nathan},
  booktitle={Advances in Neural Information Processing Systems},
  pages={1545--1552},
  year={2009}
}
@article{shalev2011pegasos,
  title={Pegasos: Primal estimated sub-gradient solver for svm},
  author={Shalev-Shwartz, Shai and Singer, Yoram and Srebro, Nathan and Cotter, Andrew},
  journal={Mathematical programming},
  volume={127},
  number={1},
  pages={3--30},
  year={2011},
  publisher={Springer}
}
@inproceedings{johnson2013accelerating,
  title={Accelerating stochastic gradient descent using predictive variance reduction},
  author={Johnson, Rie and Zhang, Tong},
  booktitle={Advances in Neural Information Processing Systems},
  pages={315--323},
  year={2013}
}
@article{zhao2014stochastic,
  title={Stochastic optimization with importance sampling},
  author={Zhao, Peilin and Zhang, Tong},
  journal={arXiv preprint arXiv:1401.2753},
  year={2014}
}
@inproceedings{charikar2002similarity,
  title={Similarity estimation techniques from rounding algorithms},
  author={Charikar, Moses S},
  booktitle={Proceedings of the thiry-fourth annual ACM symposium on Theory of computing},
  pages={380--388},
  year={2002},
  organization={ACM}
}
@inproceedings{defazio2014saga,
  title={SAGA: A fast incremental gradient method with support for non-strongly convex composite objectives},
  author={Defazio, Aaron and Bach, Francis and Lacoste-Julien, Simon},
  booktitle={Advances in Neural Information Processing Systems},
  pages={1646--1654},
  year={2014}
}
@article{agarwal2015lower,
  title={A lower bound for the optimization of finite sums},
  author={Agarwal, Alekh and Bottou, Leon},
  journal={Proceedings of the International Conference on Machine
   Learning},
  year={2015}
}
